 IMBVNXQ06230280216Condominio Via Marco                                                                          E      
 140000001            040315070000000000020209-0623009555ED0117507558                      BVNXQ                       E
 200000001Condominio Via Marco Bruto 11                                                                                 
 300000001Gentile Sig. Ghirelli Allen                                                                                   
 400000001Via Marco Bruto, 11           20138MILANO  MI                                           IT                    
 5010000004a rata  gestione ordinaria 15/16                                                                             
 5100000010000000000                                                      000000000000                                  
 700000001                                                                                                              
 140000002            040315070000000000015209-0623009555ED0117507558                      BVNXQ                       E
 200000002Condominio Via Marco Bruto 11                                                                                 
 300000002Gentile Signora Landini Augusta                                                                               
 400000002Via Marco Bruto, 11           20138MILANO  MI                                           IT                    
 5020000004a rata  gestione ordinaria 15/16                                                                             
 5100000020000000001                                                      000000000000                                  
 700000002                                                                                                              
 140000003            040315070000000000054965-0623009555ED0117507558                      BVNXQ                       E
 200000003Condominio Via Marco Bruto 11                                                                                 
 300000003Gentile Signori Mutti Flavia – Dalvit Matteo                                                                  
 400000003Via Marco Bruto, 11           20138MILANO  MI                                           IT                    
 5030000004a rata  gestione ordinaria 15/16                                                                             
 5100000030000000002                                                      000000000000                                  
 700000003                                                                                                              
 140000004            040315070000000000033152-0623009555ED0117507558                      BVNXQ                       E
 200000004Condominio Via Marco Bruto 11                                                                                 
 300000004Gentile Sig. Camnasio Luca                                                                                    
 400000004Via Marco Bruto, 11           20138MILANO  MI                                           IT                    
 5040000004a rata  gestione ordinaria 15/16                                                                             
 5100000040000000003                                                      000000000000                                  
 700000004                                                                                                              
 140000005            040315070000000000029518-0623009555ED0117507558                      BVNXQ                       E
 200000005Condominio Via Marco Bruto 11                                                                                 
 300000005Gentile Signora Piacentini Incoronata                                                                         
 400000005Via Marco Bruto, 11           20138MILANO  MI                                           IT                    
 5050000004a rata  gestione ordinaria 15/16                                                                             
 5100000050000000004                                                      000000000000                                  
 700000005                                                                                                              
 140000006            040315070000000000046191-0623009555ED0117507558                      BVNXQ                       E
 200000006Condominio Via Marco Bruto 11                                                                                 
 300000006Gentile Signora Piacentini Incoronata                                                                         
 400000006Via Marco Bruto, 11           20138MILANO  MI                                           IT                    
 5060000004a rata  gestione ordinaria 15/16                                                                             
 5100000060000000005                                                      000000000000                                  
 700000006                                                                                                              
 140000007            040315070000000000034188-0623009555ED0117507558                      BVNXQ                       E
 200000007Condominio Via Marco Bruto 11                                                                                 
 300000007Gentile Sig. Casiraghi Giovanni                                                                               
 400000007Via Marco Bruto, 11           20138MILANO  MI                                           IT                    
 5070000004a rata  gestione ordinaria 15/16                                                                             
 5100000070000000006                                                      000000000000                                  
 700000007                                                                                                              
 140000008            040315070000000000035053-0623009555ED0117507558                      BVNXQ                       E
 200000008Condominio Via Marco Bruto 11                                                                                 
 300000008Gentile Sig. Dell'Orco Daniele                                                                                
 400000008Via Marco Bruto, 11           20138MILANO  MI                                           IT                    
 5080000004a rata  gestione ordinaria 15/16                                                                             
 5100000080000000007                                                      000000000000                                  
 700000008                                                                                                              
 140000009            040315070000000000046615-0623009555ED0117507558                      BVNXQ                       E
 200000009Condominio Via Marco Bruto 11                                                                                 
 300000009Gentile Sig. Mannone Simone                                                                                   
 400000009Via Marco Bruto, 11           20138MILANO  MI                                           IT                    
 5090000004a rata  gestione ordinaria 15/16                                                                             
 5100000090000000008                                                      000000000000                                  
 700000009                                                                                                              
 140000010            040315070000000000064910-0623009555ED0117507558                      BVNXQ                       E
 200000010Condominio Via Marco Bruto 11                                                                                 
 300000010Gentile Sig. Stafile Alessandro                                                                               
 400000010Via Marco Bruto, 11           20138MILANO  MI                                           IT                    
 5010000004a rata  gestione ordinaria 15/16                                                                             
 5100000100000000009                                                      000000000000                                  
 700000010                                                                                                              
 140000011            040315070000000000046953-0623009555ED0117507558                      BVNXQ                       E
 200000011Condominio Via Marco Bruto 11                                                                                 
 300000011Gentile Signora Beltrami Caterina                                                                             
 400000011Via Marco Bruto, 11           20138MILANO  MI                                           IT                    
 5011000004a rata  gestione ordinaria 15/16                                                                             
 5100000110000000010                                                      000000000000                                  
 700000011                                                                                                              
 140000012            040315070000000000047746-0623009555ED0117507558                      BVNXQ                       E
 200000012Condominio Via Marco Bruto 11                                                                                 
 300000012Gentile Sig. Rapuzzi Marco                                                                                    
 400000012Via Trentacoste, 34           20134MILANO  MI                                           IT                    
 5012000004a rata  gestione ordinaria 15/16                                                                             
 5100000120000000011                                                      000000000000                                  
 700000012                                                                                                              
 140000013            040315070000000000060071-0623009555ED0117507558                      BVNXQ                       E
 200000013Condominio Via Marco Bruto 11                                                                                 
 300000013Gentile Signora Riefoli Lucia                                                                                 
 400000013Via Roma, 155                 32040LOZZO DI CADORE BL                                   IT                    
 5013000004a rata  gestione ordinaria 15/16                                                                             
 5100000130000000012                                                      000000000000                                  
 700000013                                                                                                              
 140000014            040315070000000000047904-0623009555ED0117507558                      BVNXQ                       E
 200000014Condominio Via Marco Bruto 11                                                                                 
 300000014Gentile Sig. Ponte Demetrio c/o Studio Profess Ponte Daniele                                                  
 400000014Via del Carroccio, 16         20123MILANO  MI                                           IT                    
 5014000004a rata  gestione ordinaria 15/16                                                                             
 5100000140000000013                                                      000000000000                                  
 700000014                                                                                                              
 140000015            040315070000000000051428-0623009555ED0117507558                      BVNXQ                       E
 200000015Condominio Via Marco Bruto 11                                                                                 
 300000015Gentile Sig. Ponte Demetrio c/o Studio Profess Ponte Daniele                                                  
 400000015Via del Carroccio, 16         20123MILANO  MI                                           IT                    
 5015000004a rata  gestione ordinaria 15/16                                                                             
 5100000150000000014                                                      000000000000                                  
 700000015                                                                                                              
 140000016            040315070000000000033565-0623009555ED0117507558                      BVNXQ                       E
 200000016Condominio Via Marco Bruto 11                                                                                 
 300000016Gentile Sig. Camporeale Cosimo                                                                                
 400000016Via Marco Bruto, 11           20138MILANO  MI                                           IT                    
 5016000004a rata  gestione ordinaria 15/16                                                                             
 5100000160000000015                                                      000000000000                                  
 700000016                                                                                                              
 140000017            040315070000000000070326-0623009555ED0117507558                      BVNXQ                       E
 200000017Condominio Via Marco Bruto 11                                                                                 
 300000017Spettabile Unicredit Leasing spa                                                                              
 400000017Via Livio Cambi, 5            20151MILANO  MI                                           IT                    
 5017000004a rata  gestione ordinaria 15/16                                                                             
 5100000170000000016                                                      000000000000                                  
 700000017                                                                                                              
 140000018            040315070000000000052815-0623009555ED0117507558                      BVNXQ                       E
 200000018Condominio Via Marco Bruto 11                                                                                 
 300000018Gentile Sig. Giussani Enrico                                                                                  
 400000018Via Marco Bruto, 11           20138MILANO  MI                                           IT                    
 5018000004a rata  gestione ordinaria 15/16                                                                             
 5100000180000000017                                                      000000000000                                  
 700000018                                                                                                              
 140000019            040315070000000000077293-0623009555ED0117507558                      BVNXQ                       E
 200000019Condominio Via Marco Bruto 11                                                                                 
 300000019Spettabile Condominio Via Marco Bruto,11 A c/o Studio Babic                                                   
 400000019Via Zanella, 44/5             20133MILANO  MI                                           IT                    
 5019000004a rata  gestione ordinaria 15/16                                                                             
 5100000190000000018                                                      000000000000                                  
 700000019                                                                                                              
 140000020            040315070000000000052510-0623009555ED0117507558                      BVNXQ                       E
 200000020Condominio Via Marco Bruto 11                                                                                 
 300000020Spettabile Dimasi Pietro                                                                                      
 400000020Via Marco Bruto, 11           20138MILANO  MI                                           IT                    
 5020000004a rata  gestione ordinaria 15/16                                                                             
 5100000200000000019                                                      000000000000                                  
 700000020                                                                                                              
 140000021            040315070000000000033938-0623009555ED0117507558                      BVNXQ                       E
 200000021Condominio Via Marco Bruto 11                                                                                 
 300000021Gentile Sig. Adorni Attilio Roberto                                                                           
 400000021Via Lavagna, 20               20137MILANO  MI                                           IT                    
 5021000004a rata  gestione ordinaria 15/16                                                                             
 5100000210000000020                                                      000000000000                                  
 700000021                                                                                                              
 140000022            040315070000000000029518-0623009555ED0117507558                      BVNXQ                       E
 200000022Condominio Via Marco Bruto 11                                                                                 
 300000022Gentile Sig. Mazzola Cosimo – Orlandi Cristina                                                                
 400000022Via Marco Bruto, 11           20138MILANO  MI                                           IT                    
 5022000004a rata  gestione ordinaria 15/16                                                                             
 5100000220000000021                                                      000000000000                                  
 700000022                                                                                                              
 140000023            040315070000000000048236-0623009555ED0117507558                      BVNXQ                       E
 200000023Condominio Via Marco Bruto 11                                                                                 
 300000023Gentili Signori Mazzola Cosimo – Orlandi Cristina                                                             
 400000023Via Marco Bruto, 11           20138MILANO  MI                                           IT                    
 5023000004a rata  gestione ordinaria 15/16                                                                             
 5100000230000000022                                                      000000000000                                  
 700000023                                                                                                              
 140000024            040315070000000000033670-0623009555ED0117507558                      BVNXQ                       E
 200000024Condominio Via Marco Bruto 11                                                                                 
 300000024Gentili Signori Monaco Pierluigi                                                                              
 400000024Via Mecenate, 23/2            20138MILANO  MI                                           IT                    
 5024000004a rata  gestione ordinaria 15/16                                                                             
 5100000240000000023                                                      000000000000                                  
 700000024                                                                                                              
 140000025            040315070000000000031190-0623009555ED0117507558                      BVNXQ                       E
 200000025Condominio Via Marco Bruto 11                                                                                 
 300000025Gentile Sig. Primiterra Maria                                                                                 
 400000025Via Marco Bruto, 11           20138MILANO  MI                                           IT                    
 5025000004a rata  gestione ordinaria 15/16                                                                             
 5100000250000000024                                                      000000000000                                  
 700000025                                                                                                              
 140000026            040315070000000000047252-0623009555ED0117507558                      BVNXQ                       E
 200000026Condominio Via Marco Bruto 11                                                                                 
 300000026Gentile Signora Pagliucca Anna                                                                                
 400000026Via Marco Bruto, 11           20138MILANO  MI                                           IT                    
 5026000004a rata  gestione ordinaria 15/16                                                                             
 5100000260000000025                                                      000000000000                                  
 700000026                                                                                                              
 140000027            040315070000000000034656-0623009555ED0117507558                      BVNXQ                       E
 200000027Condominio Via Marco Bruto 11                                                                                 
 300000027Gentile Sig. Catalano Sabino                                                                                  
 400000027Via Marco Bruto, 11           20138MILANO  MI                                           IT                    
 5027000004a rata  gestione ordinaria 15/16                                                                             
 5100000270000000026                                                      000000000000                                  
 700000027                                                                                                              
 140000028            040315070000000000034030-0623009555ED0117507558                      BVNXQ                       E
 200000028Condominio Via Marco Bruto 11                                                                                 
 300000028Gentile Sig. Marson Sabrina                                                                                   
 400000028Via Marco Bruto, 11           20138MILANO  MI                                           IT                    
 5028000004a rata  gestione ordinaria 15/16                                                                             
 5100000280000000027                                                      000000000000                                  
 700000028                                                                                                              
 140000029            040315070000000000048998-0623009555ED0117507558                      BVNXQ                       E
 200000029Condominio Via Marco Bruto 11                                                                                 
 300000029Gentile Signora Curti Maria Pia                                                                               
 400000029Via Marco Bruto, 11           20138MILANO  MI                                           IT                    
 5029000004a rata  gestione ordinaria 15/16                                                                             
 5100000290000000028                                                      000000000000                                  
 700000029                                                                                                              
 140000030            040315070000000000034553-0623009555ED0117507558                      BVNXQ                       E
 200000030Condominio Via Marco Bruto 11                                                                                 
 300000030Gentile Sig. Esposito Giovanni                                                                                
 400000030Via Dante Alighieri, 17       24058ROMANO LOMBARDO BG                                   IT                    
 5030000004a rata  gestione ordinaria 15/16                                                                             
 5100000300000000029                                                      000000000000                                  
 700000030                                                                                                              
 140000031            040315070000000000030090-0623009555ED0117507558                      BVNXQ                       E
 200000031Condominio Via Marco Bruto 11                                                                                 
 300000031Gentile Sig. Brioschi Emilia                                                                                  
 400000031Via B. Maderna,2              20138MILANO  MI                                           IT                    
 5031000004a rata  gestione ordinaria 15/16                                                                             
 5100000310000000030                                                      000000000000                                  
 700000031                                                                                                              
 140000032            040315070000000000048033-0623009555ED0117507558                      BVNXQ                       E
 200000032Condominio Via Marco Bruto 11                                                                                 
 300000032Gentile Signora Bertoli Daniela                                                                               
 400000032Via Marco Bruto, 11           20138MILANO  MI                                           IT                    
 5032000004a rata  gestione ordinaria 15/16                                                                             
 5100000320000000031                                                      000000000000                                  
 700000032                                                                                                              
 140000033            040315070000000000037029-0623009555ED0117507558                      BVNXQ                       E
 200000033Condominio Via Marco Bruto 11                                                                                 
 300000033Gentile Signora Fischetti Francesco                                                                           
 400000033Via Marco Bruto, 11           20138MILANO  MI                                           IT                    
 5033000004a rata  gestione ordinaria 15/16                                                                             
 5100000330000000032                                                      000000000000                                  
 700000033                                                                                                              
 140000034            040315070000000000032993-0623009555ED0117507558                      BVNXQ                       E
 200000034Condominio Via Marco Bruto 11                                                                                 
 300000034Gentile Sig. Mascherpa Emma                                                                                   
 400000034Via Marco Bruto, 11           20138MILANO  MI                                           IT                    
 5034000004a rata  gestione ordinaria 15/16                                                                             
 5100000340000000033                                                      000000000000                                  
 700000034                                                                                                              
 140000035            040315070000000000050716-0623009555ED0117507558                      BVNXQ                       E
 200000035Condominio Via Marco Bruto 11                                                                                 
 300000035Gentile Signora Benedetti Rosetta                                                                             
 400000035Via Marco Bruto, 11           20138MILANO  MI                                           IT                    
 5035000004a rata  gestione ordinaria 15/16                                                                             
 5100000350000000034                                                      000000000000                                  
 700000035                                                                                                              
 EFBVNXQ06230280216Condominio Via Marco      00000350000000014955220000000000000000000247                        E000000
